@article{suzuki1985topological,
  title={Topological structural analysis of digitized binary images by border following},
  author={Suzuki, Satoshi and others},
  journal={Computer vision, graphics, and image processing},
  volume={30},
  number={1},
  pages={32--46},
  year={1985},
  publisher={Elsevier}
}